% This file was created with JabRef 2.7b.
% Encoding: UTF8

@BOOK{Adler1981,
  title = {{The Geometry of Random Fields}},
  publisher = {Wiley, Chichester, UK},
  year = {1981},
  author = {Robert J. Adler},
  month = {June},
  owner = {ahmad},
  timestamp = {2013.03.08}
}

@PHDTHESIS{Ahmad2013,
  author = {Ola S. Ahmad},
  title = {Stochastic representation and analysis of rough surface topography
	by random fields and integral geometry -- Application to the {UHMWPE}
	cup involved in total hip arthroplasty},
  school = {{\'Ecole Nationale Sup\'erieure des Mines de Saint-Etienne}},
  year = {2013},
  owner = {yann},
  timestamp = {2013.12.04}
}

@ARTICLE{Lang2011,
  author = {Lang, Annika and Potthoff, J{\"u}rgen},
  title = {Fast simulation of Gaussian random fields},
  journal = {Monte Carlo Methods and Applications},
  year = {2011},
  volume = {17},
  pages = {195--214},
  number = {3},
  owner = {yann},
  timestamp = {2013.12.04}
}

@ARTICLE{Worsley1997,
  author = {{K.J.} Worsley},
  title = {The geometry of random fields},
  journal = {Chance},
  year = {1997},
  volume = {9},
  pages = {27-40},
  number = {1},
  owner = {ahmad},
  timestamp = {2011.02.07}
}

@comment{jabref-meta: selector_publisher:}

@comment{jabref-meta: selector_author:}

@comment{jabref-meta: selector_journal:}

@comment{jabref-meta: selector_keywords:}

