% Encoding: UTF-8

@InCollection{Couprie2012,
  author    = {Couprie, Michel and Bertrand, Gilles},
  title     = {Discrete topological transformations for image processing},
  booktitle = {Digital Geometry Algorithms},
  publisher = {Springer},
  year      = {2012},
  pages     = {73--107},
}

@Comment{jabref-meta: databaseType:bibtex;}
