% Encoding: UTF-8

@Article{Rivollier2010b,
  author  = {Rivollier, S{\'e}verine and Debayle, Johan and Pinoli, Jean-Charles},
  title   = {Shape diagrams for 2D compact sets-Part II: analytic simply connected sets.},
  journal = {The Australian Journal of Mathematical Analysis and applications},
  year    = {2010},
  volume  = {7},
  number  = {2},
}

@Article{Rivollier2010c,
  author  = {Rivollier, S{\'e}verine and Debayle, Johan and Pinoli, Jean-Charles},
  title   = {Shape diagrams for 2D compact sets-Part III: convexity discrimination for analytic and discretized simply connected sets.},
  journal = {The Australian Journal of Mathematical Analysis and applications},
  year    = {2010},
  volume  = {7},
  number  = {2},
}

@Article{Rivollier2010a,
  author  = {Rivollier, S{\'e}verine and Debayle, Johan and Pinoli, Jean-Charles},
  title   = {Shape diagrams for 2D compact sets-Part I: analytic convex sets. Australian Journal of},
  journal = {The Australian Journal of Mathematical Analysis and applications},
  year    = {2010},
  volume  = {7},
  number  = {2},
}

@Misc{KimiaDB,
  howpublished = {http://vision.lems.brown.edu/content/available-software-and-databases},
}

@InProceedings{Sharvit1998,
  author       = {Sharvit, Daniel and Chan, Jacky and Tek, Huseyin and Kimia, Benjamin B},
  title        = {Symmetry-based indexing of image databases},
  booktitle    = {Content-Based Access of Image and Video Libraries, 1998. Proceedings. IEEE Workshop on},
  year         = {1998},
  pages        = {56--62},
  organization = {IEEE},
}

@Comment{jabref-meta: databaseType:bibtex;}
