% Encoding: UTF-8

@Article{Otsu1979,
  author    = {Otsu, Nobuyuki},
  title     = {{A Threshold Selection Method from Gray-Level Histograms}},
  journal   = {Systems, Man and Cybernetics, IEEE Transactions on},
  year      = {1979},
  volume    = {9},
  number    = {1},
  pages     = {62--66},
  month     = {Jan},
  issn      = {0018-9472},
  doi       = {10.1109/TSMC.1979.4310076},
  keywords  = {Displays; Gaussian distribution; Histograms; Least squares approximation; Marine vehicles; Q measurement; Radar tracking; Sea measurements; Surveillance; Target tracking},
  owner     = {yann},
  timestamp = {2015.03.30},
}

@Comment{jabref-meta: databaseType:bibtex;}
