% Encoding: UTF-8


@Article{Kass1988,
  Title                    = {Snakes: Active contour models},
  Author                   = {Kass, Michael and Witkin, Andrew and Terzopoulos, Demetri},
  Journal                  = {International journal of computer vision},
  Year                     = {1988},
  Number                   = {4},
  Pages                    = {321--331},
  Volume                   = {1},

  Owner                    = {yann},
  Publisher                = {Springer},
  Timestamp                = {2016.11.23}
}

@Comment{jabref-meta: databaseType:bibtex;}
