% Encoding: UTF-8


@InCollection{Gavet2015,
  Title                    = {The Color Logarithmic Image Processing (CoLIP) Antagonist Space},
  Author                   = {Gavet, Yann and Debayle, Johan and Pinoli, Jean-Charles},
  Booktitle                = {Color Image and Video Enhancement},
  Publisher                = {Springer International Publishing},
  Year                     = {2015},
  Pages                    = {155--182},

  Owner                    = {yann},
  Timestamp                = {2017.01.31}
}

@InProceedings{Gavet2015a,
  Title                    = {The Color Logarithmic Image Processing (CoLIP) Antagonist Space and Chromaticity Diagram},
  Author                   = {Gavet, Yann and Debayle, Johan and Pinoli, Jean-Charles},
  Booktitle                = {International Workshop on Computational Color Imaging},
  Year                     = {2015},
  Organization             = {Springer International Publishing},
  Pages                    = {131--138},

  Owner                    = {yann},
  Timestamp                = {2017.01.31}
}

@PhdThesis{Gouinaud2013,
  Title                    = {Traitement logarithmique dâ€™images couleur},
  Author                   = {H{\'e}l{\`e}ne Gouinaud},
  School                   = {Ecole Nationale Sup{\'e}rieure des Mines de Saint-Etienne},
  Year                     = {2013},

  Owner                    = {yann},
  Timestamp                = {2017.01.31}
}

@InProceedings{Gouinaud2011,
  Title                    = {Color correction in the framework of color logarithmic image processing},
  Author                   = {Gouinaud, H{\'e}l{\`e}ne and Gavet, Yann and Debayle, Johan and Pinoli, Jean-Charles},
  Booktitle                = {Image and Signal Processing and Analysis (ISPA), 2011 7th International Symposium on},
  Year                     = {2011},
  Organization             = {IEEE},
  Pages                    = {129--133},

  Owner                    = {yann},
  Timestamp                = {2017.01.31}
}

@Comment{jabref-meta: databaseType:bibtex;}
