@article{Bradley2007,
  title={Adaptive thresholding using the integral image},
  author={Bradley, Derek and Roth, Gerhard},
  journal={Journal of graphics tools},
  volume={12},
  number={2},
  pages={13--21},
  year={2007},
  publisher={Taylor \& Francis}
}
