@comment{x-kbibtex-personnameformatting=<%l><, %f>}

@book{Gonzalez2002,
	address = "Upper Saddle River, NJ, USA",
	author = "Gonzalez, Rafael C. and Woods, Richard E.",
	isbn = "0130946508",
	publisher = "Prentice-Hall, Inc.",
	title = "{Digital Image Processing (2nd Edition)}",
	year = "2002"
}

